1841 2999
391 325 503 367 ΤΟΥ
532 322 601 365 ΕΝ
632 319 812 362 ΛΓΙΟΙΣ
852 316 1066 360 ΙΙΑῚῬΟΣ
1106 315 1263 356 Imm·

57 462 687 558 ΓΡΗΓΟΡΙΟΥ
730 458 948 544 ΤΟΥ
993 453 1606 542 ΘΕΟΛΘΠΗΪ

473 629 753 659 ΑΡΧΙΕΠΙΣΚΟΙΙΟΥ
773 625 1178 654 ΚΩΝΣῚᾺΝΤΙΝΟΥΙΙΟΛΕΩΣ

703 741 749 801 Ε
780 739 843 801 Π
876 739 956 799 ΙΙ.

130 995 207 1071 S.
262 998 344 1069 P.
404 993 492 1068 N.
547 985 1009 1067 GREGORII
1051 981 1539 1060 THEoLoffl

220 1155 677 1204 Asscfflssmscom
718 1146 1443 1200 CONSTAN'nNoromTAM

629 1282 1009 1349 CARMINA.

211 1518 418 1551 MONITUM
436 1517 486 1547 IN
505 1512 741 1545 EPITAPIIIA
765 1512 826 1541 ET
846 1509 1103 1541 EPIGRAMMA
1113 1510 1162 1539 ΤΛ
1185 1508 1218 1537 S.
1243 1506 1458 1538 GREGORJJ.

64 1682 159 1717 Quam
181 1679 261 1710 bene
281 1679 319 1709 de
340 1677 499 1716 republica
519 1676 664 1707 litteraria
683 1675 812 1705 meritus
830 1676 868 1705 sit
884 1675 1083 1705 doctissimus
1109 1673 1306 1708 Muratorius,
1328 1671 1412 1710 quod
1430 1679 1497 1701 cam
1514 1674 1651 1702 veterum

24 1720 157 1758 scriptis,
175 1719 290 1757 quai-in
306 1717 565 1748 bibliothecarum
581 1716 693 1745 casulis
709 1714 849 1753 neglecta
865 1715 912 1745 vel
927 1715 1034 1753 ignota
1046 1714 1280 1748 delitescebant,
1293 1712 1444 1746 ditaverit,
1460 1714 1572 1740 norunt
1587 1720 1653 1740 om-

25 1768 90 1789 nes.
110 1760 181 1788 Haec
198 1759 288 1793 inter,
306 1756 456 1787 nonnulla
471 1756 612 1793 Gregorii
632 1754 815 1784 Nazianzeni
827 1754 964 1784 carmina
980 1753 1120 1783 nondum
1137 1753 1167 1781 in
1180 1752 1281 1782 lucem
1298 1751 1406 1780 emissa
1422 1750 1524 1786 vulgat
1535 1751 1553 1779 it
1568 1760 1651 1780 {inno

27 1798 99 1828 1700
112 1798 165 1838 (a),
182 1806 239 1827 nec
251 1797 344 1827 modo
356 1797 461 1825 Graece
474 1798 503 1824 et
518 1795 623 1824 Latine
631 1794 737 1830 edidit,
755 1793 849 1828 sedset
862 1793 1049 1823 doctissimis
1065 1791 1327 1824 notisillustn‘iritv
1339 1790 1449 1819 additis
1461 1791 1550 1819 etiam
1563 1791 1654 1821 variis

24 1837 216 1867 diversorum
233 1836 515 1873 manuscriptorum
534 1834 678 1864 codicum
698 1832 895 1862 lectionibus.
912 1834 1016 1861 Monet
1037 1832 1221 1861 Muratorius
1235 1830 1331 1860 multa
1351 1829 1383 1858 in
1403 1829 1449 1858 his
1464 1830 1653 1859 carminibus

24 1875 218 1914 deprehendi
233 1875 271 1905 ad
286 1875 410 1904 illorum
428 1877 605 1912 temporum
626 1872 786 1901 historiam
800 1872 1013 1901 illustrandam
1032 1871 1192 1910 perutilia;
1212 1870 1306 1899 multa
1324 1869 1361 1898 de
1377 1868 1532 1907 prauzlaris
1549 1868 1652 1898 homi·

26 1915 115 1946 nibus
131 1915 395 1949 Nazianzeno‚aut
408 1913 570 1950 sangnine,
586 1915 637 1941 aut
652 1911 765 1950 pietate
781 1911 967 1950 conjunctis,
978 1920 1048 1949 qute
1060 1910 1132 1940 alibi
1147 1910 1259 1939 frustra
1275 1911 1462 1947 quan-antur.
1479 1908 1552 1937 Cum
1570 1908 1650 1937 mul-

24 1957 53 1983 ta
69 1954 129 1984 sint
143 1954 224 1983 varia
246 1954 277 1982 in
291 1961 385 1983 unam
404 1952 610 1990 eamdemque
627 1959 692 1980 rem
708 1950 941 1989 epigraminata,
961 1960 987 1978 v.
1007 1959 1035 1987 g.
1054 1950 1085 1979 in
1103 1953 1221 1988 patrem
1233 1957 1267 1978 ac
1283 1950 1423 1980 matrem,
1441 1947 1471 1975 in
1488 1947 1651 1984 svium-vs·-

24 2002 92 2022 rum
108 1994 296 2028 effractores,
310 1996 339 2021 et
350 1992 381 2021 in
395 1991 603 2029 Syneisactos,
620 1990 784 2019 arbitratur
794 1990 978 2019 Mnratorius
995 1998 1051 2018 nec
1063 1988 1230 2023 immerito⁷
1246 1995 1384 2016 amormn
1398 1986 1429 2014 in
1445 1986 1524 2020 illos,
1535 1986 1651 2023 justam

25 2036 55 2061 ct
71 2032 235 2069 legitimam
253 2030 443 2061 iracundiam
459 2030 491 2059 in
507 2030 594 2065 istos,
613 2033 675 2059 tam
694 2029 784 2058 variae
800 2029 972 2058 carminum
993 2029 1092 2066 copiae
1107 2036 1232 2057 causam
1249 2026 1386 2060 dedisse,
1405 2034 1475 2054 eum
1490 2034 1650 2063 nunqnam

25 2072 97 2100 satis
112 2073 294 2108 argumento
310 2070 420 2099 secisse
444 2069 502 2097 sibi
518 2069 674 2098 videretur
688 2068 867 2105 Gregorius,
894 2068 948 2106 qui
965 2071 1026 2097 tam
1043 2067 1134 2097 chara
1147 2066 1244 2104 capita
1261 2065 1425 2100 laudanda,
1442 2067 1493 2093 aut
1514 2068 1574 2094 tam
1592 2065 1651 2094 im-

25 2111 74 2148 pia
90 2110 272 2147 exagitanda
297 2109 355 2138 sibi
370 2108 596 2147 proposuisset.
615 2108 650 2136 In
671 2115 762 2136 causa
779 2107 870 2136 etiam
886 2115 954 2136 esse
975 2107 1075 2146 potuit
1092 2105 1225 2135 secunda
1247 2104 1406 2143 scriptoris
1427 2112 1519 2139 vena,
1538 2113 1573 2133 ex
1591 2114 1650 2142 qna

25 2150 122 2178 tinere
138 2148 223 2177 nullo
240 2148 365 2185 negotio
381 2150 524 2185 poterant
535 2150 597 2176 tam
614 2147 733 2175 diversa
751 2151 905 2184 poemata.
923 2146 991 2175 Non
1010 2146 1089 2175 male
1109 2154 1179 2175 cum
1197 2145 1307 2174 eodem
1324 2143 1491 2172 ltluratorio
1506 2143 1652 2180 conjicias

26 2187 174 2226 pleraque
191 2187 285 2216 exhis
302 2186 489 2216 carminibus
506 2195 569 2215 non
583 2186 614 2215 in
631 2194 702 2215 eum
720 2185 814 2215 tinem
830 2185 1015 2223 composita,
1032 2188 1065 2214 ut
1081 2184 1184 2214 (sunnia
1202 2184 1412 2221 vulgai·‹;·1inn·,
1430 2182 1482 2211 sed
1496 2182 1597 2220 ‹pialia
1614 2191 1652 2212 ex

27 2227 175 2264 opulento
191 2226 317 2264 ingenio
332 2225 531 2255 tumultuarie
547 2225 724 2255 exciderant
738 2224 769 2253 in
785 2224 924 2259 tabellas,
942 2224 1035 2253 relata
1053 2224 1090 2253 ad
1109 2233 1166 2253 nos
1181 2223 1371 2262 perwnisse.
1389 2221 1466 2250 llinc
1491 2225 1520 2250 et
1540 2221 1650 2251 incon-

26 2266 87 2294 dita
107 2265 261 2304 quzedmn,
289 2268 317 2294 et
339 2265 481 2302 ipsaemet
506 2263 646 2302 phrases,
669 2264 803 2302 ipsamet
822 2263 978 2292 interdum
995 2272 1097 2297 sensa,
1119 2266 1184 2292 tum
1204 2261 1349 2297 hermcis,
1369 2264 1432 2290 tum
1451 2260 1606 2297 elegiacis,
1621 2265 1652 2290 et

25 2304 165 2334 iambicis
180 2305 271 2333 etiam
287 2304 425 2333 versibus
444 2306 559 2332 tentata
572 2306 601 2331 et
617 2303 735 2331 reddita
749 2305 830 2337 sunt,
848 2311 910 2332 non
923 2302 994 2337 alio=
1012 2305 1045 2331 ut
1060 2302 1191 2337 videtur,
1207 2301 1348 2335 consilio,
1366 2308 1459 2338 quam
1475 2303 1507 2328 ut
1522 2300 1651 2329 meliora

27 2352 42 2372 e
57 2347 100 2372 tot
122 2343 342 2381 experimentis
360 2342 491 2371 subinde
513 2341 701 2379 eligerentur
719 2350 724 2370 :
746 2350 848 2379 neque
867 2349 938 2371 vero
959 2341 1104 2379 cuiquam
1127 2341 1238 2370 mirum
1259 2348 1326 2369 esse
1343 2339 1445 2373 debet,
1466 2338 1491 2368 si
1507 2339 1649 2376 quiedam

27 2390 63 2411 ex
82 2382 118 2411 iis
132 2382 319 2411 carminibus
340 2381 431 2419 paulo
453 2381 512 2410 sint
526 2380 701 2410 incultiora.
722 2381 789 2409 Non
812 2381 895 2410 enim
917 2380 1017 2410 solent
1029 2381 1049 2409 ii
1064 2380 1116 2418 qni
1136 2384 1300 2418 parentum
1316 2382 1345 2408 et
1362 2377 1557 2407 familiarium
1574 2387 1649 2407 suo-

25 2429 94 2450 rum
114 2425 245 2450 mortem
259 2420 376 2456 dolent,
392 2420 530 2458 poeticas
547 2419 714 2457 elegantias
725 2420 847 2455 sectari,
867 2419 1023 2458 siqnidem
1040 2419 1071 2448 in
1085 2420 1170 2449 luctu
1184 2419 1382 2449 ambitiosum
1397 2426 1464 2446 esse
1481 2426 1544 2446 non
1559 2426 1651 2455 opor-

26 2462 80 2489 tet.

66 2498 151 2533 Quod
169 2502 271 2527 autem
299 2498 408 2527 attinet
431 2498 468 2528 ad
485 2506 520 2527 ea
536 2497 673 2528 carmina
689 2506 758 2536 quse
777 2497 807 2526 in
824 2497 1025 2527 immodestos
1041 2500 1213 2536 martyrum
1229 2496 1364 2526 cultores
1379 2495 1550 2534 composita
1566 2498 1648 2530 snnt,

26 2536 125 2576 inquit
142 2537 223 2566 idem
239 2537 433 2572 Mur-aterius,
456 2546 492 2566 ea
510 2537 678 2575 Gregorius
695 2537 917 2571 Nazianzenus,
935 2537 959 2566 si
981 2537 1114 2575 scripsit,
1128 2537 1252 2575 juvenis
1268 2535 1369 2566 adhuc
1385 2535 1545 2572 scripsisse
1563 2534 1649 2563 ride-

26 2579 86 2606 tur„
114 2576 188 2605 Nam
211 2576 361 2615 puerilem
385 2584 495 2605 venam
515 2577 648 2615 sapiunt,
678 2579 707 2605 et
722 2584 822 2614 prosse
840 2585 933 2614 quam
947 2576 1087 2605 versibus
1102 2576 1249 2605 similiora
1263 2599 1269 2611 ,
1285 2583 1355 2614 qua}
1371 2582 1410 2603 ne
1426 2573 1508 2612 apud
1524 2576 1649 2611 poetam

28 2615 153 2652 quidem
177 2616 330 2644 comicum
347 2614 393 2643 vel
418 2616 583 2652 satyricum
600 2614 688 2644 facile
703 2614 919 2644 tolerarentur.
946 2617 1097 2649 Attamen,
1117 2615 1190 2654 quia
1213 2615 1251 2646 ad
1266 2614 1347 2644 illius
1371 2613 1439 2649 aevi,
1456 2621 1519 2651 quo
1535 2612 1647 2650 scripta

28 2658 109 2689 sunt,
126 2655 263 2684 notitiam
279 2653 443 2692 pertinent,
463 2654 521 2684 hoc
534 2655 602 2693 ipso
617 2655 709 2692 digna
725 2656 805 2690 sunt,
824 2662 893 2693 quse
909 2653 1036 2693 reliquis
1050 2654 1203 2684 addantur

65 2746 248 2782 (ιιχΛηιτιίοια
266 2747 366 2777 (ircrca,
384 2747 467 2773 in-lw.

191 2794 325 2823 Parnon.
341 2795 400 2823 Gn.
424 2795 601 2826 xxxt'ttl.
1512 2792 1526 2820 ¹
